@book{Hidary,
    author = {Hidary, Jack},
    year = {2019},
    title = {Quantum Computing: An Applied Approach},
    isbn = {978-3-030-23921-3},
    doi = "10.1007/978-3-030-23922-0",
    publisher ={Springer},
    address = {Cham, Switzerland}
}
@article{DiVincenzo,
    title={The physical implementation of quantum computation},
    author={DiVincenzo, David P},
    journal={Fortschritte der Physik: Progress of Physics},
    volume={48},
    number={9-11},
    pages={771--783},
    year={2000},
    publisher={Wiley Online Library}
}
@thesis{Cheung,
    title={Using generalized quantum Fourier transforms in quantum phase estimation algorithms},
    author={Cheung, D.},
    year={2003},
    school={Citeseer}
}
@article{lin2014,
    title={Shor’s algorithm and the quantum Fourier transform},
    author={Lin, Fang Xi},
    journal={McGill University},
    year={2014}
}
@article{ani1a,
    title={Implementation and Analysis of Quantum Fourier Transform in Image Processing},
    author={Al-Ta’ani1a, Ola and Alqudah, Ali Mohammad and Al-Bzoor, Manal},
    journal= "Jordan Journal of Electrical Engineering",
    volume= 5,
    number= 1,
    pages="11-26",
    year=2018
}
@article{weinstein,
    title={Implementation of the quantum Fourier transform},
    author={Weinstein, Yaakov S and Pravia, MA and Fortunato, EM and Lloyd, Seth and Cory, David G},
    journal={Physical review letters},
    volume=86,
    number=9,
    pages=1889,
    year=2001,
    publisher={APS}
}
@book{Nielsen2002,
    title={Quantum computation and quantum information},
    author={Nielsen, Michael A and Chuang, Isaac},
    isbn= "978-1-107-00217-3",    url={www.cambridge.org\9781107002173},
    year={2002},
    publisher={Cambridge University Press}
}
@book{zettili2009,
  title={Quantum Mechanics: Concepts and Applications},
  author={Zettili, N.},
  isbn={9780470026786},
  lccn={2008045022},
  url={https://books.google.com.np/books?id=6jXlpJCSz98C},
  year={2009},
  publisher={Wiley},
  pages = "1--3"
}
@book{murugeshan,
  title={Modern Physics},
  author={Murugeshan,R.and Sivaprasath, K.},
  isbn={9788121928014},
  url={https://books.google.com.np/books?id=kOdJVZ6HlgoC},
  year={2008},
  publisher={S. Chand Limited}
}
@article{calabrese2005,
  title={Toward a more natural expression of quantum logic with Boolean fractions},
  author={Calabrese, Philip G},
  journal={Journal of philosophical logic},
  volume={34},
  number={4},
  pages={363--401},
  year={2005},
  publisher={Springer}
}
@article{feynman1999,
  title={Simulating physics with computers},
  author={Feynman, Richard P},
  journal={Int. J. Theor. Phys},
  volume={21},
  number={6/7},
  year={1999}
}
@book{johnston2019,
  title={Programming Quantum Computers: Essential Algorithms and Code Samples},
  author={Johnston, E.R. and Harrigan, N. and Gimeno-Segovia, M.},
  isbn={9781492039655},
  url={https://books.google.com.np/books?id=QqegDwAAQBAJ},
  year={2019},
  publisher={O'Reilly Media}
}
@misc{anderzen2018,
  title={Performance evaluation of quantum Fourier transform on a modern quantum device},
  author={Anderz{\'e}n Rodenkirchen, Sven and Granstr{\"o}m, Marcus},
  year={2018}
}
@inproceedings{neven2012,
  title={QBoost: Large Scale Classifier Training with Adiabatic Quantum Optimization.},
  author={Neven, Hartmut and Denchev, Vasil S and Rose, Geordie and Macready, William G},
  booktitle={ACML},
  pages={333--348},
  year={2012}
}
@article{coles2018,
  title={Quantum algorithm implementations for beginners},
  author={Coles, Patrick J and Eidenbenz, Stephan and Pakin, Scott and Adedoyin, Adetokunbo and Ambrosiano, John and Anisimov, Petr and Casper, William and Chennupati, Gopinath and Coffrin, Carleton and Djidjev, Hristo and others},
  journal={arXiv preprint arXiv:1804.03719},
  year={2018}
}
@misc{loceff2015,
  title={A Course in Quantum Computing, Vol1},
  author={Loceff, Michael},
  year={2015},
  publisher={Foothill College}
}
@book{chen20007,
author = {Chen, Goong and Kauffman, Louis and Lomonaco, Samuel J.},
title = {Mathematics of Quantum Computation and Quantum Technology},
year = {2007},
isbn = {1584888997},
publisher = {Chapman \& amp; Hall/CRC},
}
@book{burton2011,
  title={Elementary Number Theory},
  author={Burton, D.M.},
  isbn={9780077418120},
  url={https://books.google.com.np/books?id=3KiUCgAAQBAJ},
  year={2011},
  publisher={Mcgraw-Hill}
}
@inproceedings{shor1994,
  title={Algorithms for quantum computation: discrete logarithms and factoring},
  author={Shor, Peter W},
  booktitle={Proceedings 35th annual symposium on foundations of computer science},
  pages={124--134},
  year={1994},
  organization={Ieee}
}
@book{raji2013,
  title={An Introductory Course in Elementary Number Theory},
  author={Raji, W.},
  url={https://books.google.com.np/books?id=SYRPAgAAQBAJ},
  year={2013},
  publisher={The Saylor Foundation}
}
@misc{complex_classesI,
title={Complexity-classes-diagram}, url={https://bgsmath.cat/event/an-introduction-to-parameterized-complexity/complexity-classes-diagram/}, journal={BGSMath}, 
author={Communication, BGSMath}
}
@misc{rsa250,
title={factorization of rsa 250},
url={https://lists.gforge.inria.fr/pipermail/cado-nfs-discuss/2020-February/001166.html},
journal={[Cado-nfs-discuss] Factorization of RSA-250},
}
@article{devitt2016,
  title={Performing quantum computing experiments in the cloud},
  author={Devitt, Simon J},
  journal={Physical Review A},
  volume={94},
  number={3},
  pages={032329},
  year={2016},
  publisher={APS}
}
@misc{fisher_2009, 
    title={Quantum Computing at IBM}, 
    url={https://www.ibm.com/quantum-computing/quantum-computing-at-ibm/},
    journal={IBM Quantum},
    author={Fisher, Chris},
    year={2009},
    month={04}
    }
@misc{ibmq_backends,
    title={Docs and Resources}, 
    url={https://quantum-computing.ibm.com/docs/manage/backends/},
    journal={IBM Quantum Experience},
    author={Fisher, Chris}
    }
@article{beauregard2002circuit,
  title={Circuit for Shor's algorithm using 2n+ 3 qubits},
  author={Beauregard, Stephane},
  journal={arXiv preprint quant-ph/0205095},
  year={2002}
}
@misc{github_ShorAlgQiskit,
    title={ShorAlgQiskit},
    url={https://github.com/ttlion/ShorAlgQiskit}, 
    journal={GitHub}, 
    author={Maia, Rui and Leão, Tiago}, 
    year={2019}, 
    month={03}
    }
@article{unique_factorization,
 ISSN = {0025570X, 19300980},
 URL = {http://www.jstor.org/stable/2689956},
 author = {Mary Joan Collison},
 journal = {Mathematics Magazine},
 number = {2},
 pages = {96--100},
 publisher = {Mathematical Association of America},
 title = {The Unique Factorization Theorem: From Euclid to Gauss},
 volume = {53},
 year = {1980}
}
@book{shapiro2008introduction,
  title={Introduction to the Theory of Numbers},
  author={Shapiro, Harold N},
  year={2008},
  publisher={Courier Corporation}
}
@article{van2005fast,
  title={Fast quantum modular exponentiation},
  author={Van Meter, Rodney and Itoh, Kohei M},
  journal={Physical Review A},
  volume={71},
  number={5},
  pages={052320},
  year={2005},
  publisher={APS}
}
@article{vandersypen2001experimental,
  title={Experimental realization of Shor's quantum factoring algorithm using nuclear magnetic resonance},
  author={Vandersypen, Lieven MK and Steffen, Matthias and Breyta, Gregory and Yannoni, Costantino S and Sherwood, Mark H and Chuang, Isaac L},
  journal={Nature},
  volume={414},
  number={6866},
  pages={883--887},
  year={2001},
  publisher={Nature Publishing Group}
}
@article{martin2012experimental,
  title={Experimental realization of Shor's quantum factoring algorithm using qubit recycling},
  author={Martin-Lopez, Enrique and Laing, Anthony and Lawson, Thomas and Alvarez, Roberto and Zhou, Xiao-Qi and O'brien, Jeremy L},
  journal={Nature photonics},
  volume={6},
  number={11},
  pages={773--776},
  year={2012},
  publisher={Nature Publishing Group}
}
@article{geller2013factoring,
  title={Factoring 51 and 85 with 8 qubits},
  author={Geller, Michael R and Zhou, Zhongyuan},
  journal={Scientific reports},
  volume={3},
  number={1},
  pages={1--5},
  year={2013},
  publisher={Nature Publishing Group}
}
@article{hamdi_2014,
    title={A Compare between Shors quantum factoring algorithm and General Number Field Sieve},
    DOI={10.1109/iceeict.2014.6919115}, 
    journal={2014 International Conference on Electrical Engineering and Information \& Communication Technology }, 
    author={Hamdi, Shah Muhammad and Zuhori, Syed Tauhid and Mahmud, Firoz and Pal, Biprodip}, year={2014}
}
@article{zhang_miranskyy_rjaibi_2021, 
    title={Quantum Advantage and the Y2K Bug: A Comparison}, volume={38}, 
    DOI={10.1109/ms.2020.2985321}, 
    number={2}, 
    journal={IEEE Software}, 
    author={Zhang, Lei and Miranskyy, Andriy and Rjaibi, Walid}, 
    year={2021}, 
    pages={80–87}
}
@misc{qiskit_org, 
    title={Open-Source Quantum Development}, url={https://qiskit.org/}, journal={Qiskit}
}
@misc{qiskit_org_documentation, title={The Qiskit Elements¶},     url={https://qiskit.org/documentation/the_elements.html},     journal={The Qiskit Elements - Qiskit 0.23.6                 documentation}
}
@misc{ibm_quantum_experience, 
    title={Systems \& simulators}, url={https://quantum-computing.ibm.com/systems?systems=all}, 
    journal={IBM Quantum Experience}}

